@Misc{BH1750,
    author = {Handson Technology},
    title = {{BH1750 Ambient Light Sensor Module}},
    note = {[cit. 2024-12-02], dostupné na: https://www.handsontec.com/dataspecs/sensor/BH1750\%20Light\%20Sensor.pdf},    
    howpublished = {online}
}

@Misc{I2C,
    author = {Joseph Wu},
    title = {{A Basic Guide to I2C}},
    note = {[cit. 2024-12-02], dostupné na: https://www.ti.com/lit/an/sbaa565/sbaa565.pdf},
    howpublished = {online}
}

@Misc{ESP32,
    author = {Jiří Tomešek},
    title = {{Lekce 1 - Seznámení s ESP-32 - Online kurz}},
    note = {[cit. 2024-12-02], dostupné na: https://www.itnetwork.cz/hardware-pc/arduino/esp32/seznameni-s-esp-32},
    howpublished = {online}
}

@Misc{WemosD1R32,
    author = {Handson Technology},
    title = {{WeMOS D1 R32 ESP32 Wi-Fi and Bluetooth Board}},
    note = {[cit. 2024-12-02], dostupné na: https://handsontec.com/dataspecs/module/ESP/WeMos\%20D1\%20R32.pdf},
    howpublished = {online}
}

@Misc{gamma-correction,
    author = {Phillip Burgess},
    title = {{LED Tricks: Gamma Correction}},
    year = {2014},
    month = {8},
    note = {[cit. 2024-12-02], dostupné na: https://learn.adafruit.com/led-tricks-gamma-correction/the-issue},
    howpublished = {online}
}

@Misc{gamma-correction2,
    author = {aerokeith},
    title = {{Gamma Correction for LED Lighting}},
    year = {2022},
    month = {11},
    note = {[cit. 2024-12-02], dostupné na: https://electricfiredesign.com/2022/11/14/gamma-correction-for-led-lighting/},
    howpublished = {online}
}

@Misc{MQTT,
    author = {OASIS},
    title = {{MQTT Version 5.0}},
    year = {2019},
    month = {3},
    note = {[cit. 2024-12-02], dostupné na: https://docs.oasis-open.org/mqtt/mqtt/v5.0/mqtt-v5.0.html},
    howpublished = {online}
}